@article{base,
	title={Voltage stability analysis of distribution systems in presence of electric vehicle charging stations with coordinated charging scheme},
	author={Koundinya Sistla Pavan Venkat Sai, Nihith and Shivkumar, Vignesh and Krishnan, Narayanan and Sharma, Gulshan and Senjyu, Tomonobu},
	journal={International Transactions on Electrical Energy Systems},
	volume={31},
	number={12},
	pages={e13248},
	year={2021},
	publisher={Wiley Online Library}
}
@article{soc,
	title={Real Power Loss Minimization Considering Multiple DGs and Battery in Distribution System},
	author={Chellappan, Kamal and Murty, Vedula Sri Siva Chaitanya Satyanarayana and Krishnan, Narayanan and Sharma, Gulshan and Senjyu, Tomonobu},
	journal={Electric Power Components and Systems},
	volume={49},
	number={6-7},
	pages={563--572},
	year={2022},
	publisher={Taylor \& Francis}
}
@article{rtp,
	title={Profit maximization in hybrid microgrid system incorporating demand response and plug in EV},
	author={Senthilkumar, Prasanthini and Samidurai, Sivasankari and Nedunchezian, Vijithra and Krishnan, Narayanan and Sharma, Gulshan and Senjyu, Tomonobu},
	journal={International Transactions on Electrical Energy Systems},
	volume={31},
	number={12},
	pages={e13260},
	year={2021},
	publisher={Wiley Online Library}
}
@Inproceedings{evdata,
	author = {Lee, Zachary J. and Li, Tongxin, and Low, Steven H.},
	title = { {ACN}-{Data}: {Analysis} and {Applications} of an {Open} {EV} {Charging} {Dataset} },
	booktitle = {Proceedings of the Tenth International Conference on Future Energy Systems},
	series = {e-Energy '19},
	month = jun,
	year = {2019},
	location = {Phoenix, Arizona}
}
@Inproceedings{33bus,
	doi = {10.1109/sges51519.2020.00060},
	url = {https://doi.org/10.1109%2Fsges51519.2020.00060},
	year = {2020},
	month = {nov},
	publisher = {{IEEE}},
	author = {Nihith SPVS Koundinya and S Vignesh and K Narayanan and Gulshan Sharma and Tomonobu Senjyu},
	title = {Voltage Stability Analysis of Distribution Systems in the presence of Electric Vehicle Charging Stations with Uncoordinated Charging Scheme}
} 
@article{rao,
	title={Power loss minimization in distribution system using network reconfiguration in the presence of distributed generation},
	author={Rao, R Srinivasa and Ravindra, Kumudhini and Satish, K and Narasimham, SVL},
	journal={IEEE transactions on power systems},
	volume={28},
	number={1},
	pages={317--325},
	year={2012},
	publisher={IEEE}
}
@article{69bus,
	title={Impact of network reconfiguration on loss allocation of radial distribution systems},
	author={Savier, JS and Das, Debapriya},
	journal={IEEE Transactions on Power Delivery},
	volume={22},
	number={4},
	pages={2473--2480},
	year={2007},
	publisher={IEEE}
}
@article{zhang2022fast,
	title={Fast charging load guidance strategy based on adjustable charging service fee},
	author={Zhang, Meixia and Zhang, Qianqian and Yang, Xiu and Sun, Quanjie},
	journal={IET Generation, Transmission \& Distribution},
	volume={16},
	number={16},
	pages={3297--3317},
	year={2022},
	publisher={Wiley Online Library}
}
@article{simolin2022assessing,
	title={Assessing the influence of electric vehicle charging profile modelling methods},
	author={Simolin, Toni and Rautiainen, Antti and J{\"a}rventausta, Pertti and Rauma, Kalle and Rehtanz, Christian},
	journal={IET Generation, Transmission \& Distribution},
	year={2022},
	publisher={Wiley Online Library}
}